<record><leader>00000cas a22000007a 4500</leader><controlfield tag="001">11980463</controlfield><controlfield tag="008">850430d18501878ohuir ne      0    0eng d</controlfield><datafield ind1=" " ind2=" " tag="010"><subfield code="a">sn 85038259 </subfield></datafield><datafield ind1=" " ind2=" " tag="040"><subfield code="a">NPY</subfield><subfield code="b">eng</subfield><subfield code="c">NPY</subfield><subfield code="d">NPX</subfield><subfield code="d">ONP</subfield><subfield code="d">OCLCQ</subfield></datafield><datafield ind1=" " ind2=" " tag="042"><subfield code="a">msc</subfield></datafield><datafield ind1="0" ind2="0" tag="245"><subfield code="a">Toledo tri-weekly commercial.</subfield></datafield><datafield ind1=" " ind2=" " tag="260"><subfield code="a">Toledo, Ohio :</subfield><subfield code="b">C. Waggoner &amp; Son</subfield></datafield><datafield ind1=" " ind2=" " tag="300"><subfield code="a">v. ;</subfield><subfield code="c">66 cm.</subfield></datafield><datafield ind1=" " ind2=" " tag="310"><subfield code="a">Triweekly</subfield></datafield><datafield ind1="1" ind2=" " tag="362"><subfield code="a">Began in 1850.</subfield><subfield code="z">Cf. Rowell, 1869.</subfield></datafield><datafield ind1="1" ind2=" " tag="362"><subfield code="a">Ceased in 1878?</subfield><subfield code="z">Cf. Gregory, W. Amer. newspapers.</subfield></datafield><datafield ind1=" " ind2=" " tag="500"><subfield code="a">Publishers: C. Waggoner &amp; Son, &lt;1866&gt;; Toledo Commercial Co., &lt;1876&gt;.</subfield></datafield><datafield ind1=" " ind2=" " tag="500"><subfield code="a">"Republican."</subfield></datafield><datafield ind1=" " ind2=" " tag="580"><subfield code="a">Daily eds.: Toledo commercial (Toledo, Ohio : 1862), 1862-1866; and: Toledo daily commercial (Toledo, Ohio : 1866), 1866-1871; and: Toledo morning commerical, 1871-1878.</subfield></datafield><datafield ind1=" " ind2=" " tag="588"><subfield code="a">Description based on: Vol. 17, no. 192 (Oct. 8, 1866).</subfield></datafield><datafield ind1=" " ind2=" " tag="752"><subfield code="a">United States</subfield><subfield code="b">Ohio</subfield><subfield code="c">Lucas</subfield><subfield code="d">Toledo.</subfield></datafield><datafield ind1="1" ind2=" " tag="775"><subfield code="t">Toledo commercial (Toledo, Ohio : 1862)</subfield><subfield code="w">(DLC)sn 87076715</subfield></datafield><datafield ind1="1" ind2=" " tag="775"><subfield code="t">Toledo daily commercial (Toledo, Ohio : 1866)</subfield><subfield code="w">(DLC)sn 87076716</subfield></datafield><datafield ind1="1" ind2=" " tag="775"><subfield code="t">Toledo morning commercial</subfield><subfield code="w">(DLC)sn 84024198</subfield></datafield><datafield ind1="0" ind2=" " tag="775"><subfield code="t">Toledo weekly commercial</subfield><subfield code="w">(DLC)sn 85026285</subfield></datafield></record>